@Misc{HTTM,
  title = {How to troubleshoot a memory leak or an out-of-memory exception in the BizTalk Server process},
  howpublished = {\url{http://support.microsoft.com/kb/918643}},
  note = "[Online; resurss apskatīts 6-Mai-2014]"
}

@Misc{RTTV,
  title = {Memory leak detection using Electric fence and Valgrind},
  howpublished = {\url{http://rts.lab.asu.edu/web_438/project_final/CSE_598_Memory_leak_detection.pdf}},
  note = "[Online; resurss apskatīts 5-Mai-2014]"
}

@Misc{LINMAN,
  title = { Linux Programmer's Manual},
  howpublished = {\url{http://cf.ccmr.cornell.edu/cgi-bin/w3mman2html.cgi?brk(2)}},
  note = "[Online; resurss apskatīts 3-Mai-2014]"
}

@Misc{ACCA,
  title = {A Comprehensive Complexity Analysis of User-level Memory Allocator Algorithms},
  howpublished = {\url{file:///D:/Downloads/104923_1.pdf}},
  note = "[Online; resurss apskatīts 29-Apr-2014]"
}


@Misc{AMM,
  title = {Anatomy of Memory Managers},
  howpublished = {\url{http://core-analyzer.sourceforge.net/index_files/Page525.html}},
  note = "[Online; resurss apskatīts 28-Apr-2014]"
}


@Misc{MALLOC,
  title = {malloc() realizācija},
  howpublished = {\url{http://code.woboq.org/userspace/glibc/malloc/malloc.c.html}},
  note = "[Online; resurss apskatīts 26-Apr-2014]"
}

@Misc{Binning,
  title = {Binning},
  howpublished = {\url{http://www.blackhat.com/presentations/bh-usa-07/Ferguson/Whitepaper/bh-usa-07-ferguson-WP.pdf}},
  note = "[Online; resurss apskatīts 26-Apr-2014]"
}


@Misc{CHOFM,
  title = {Chunks of memory},
  howpublished = {\url{http://www.blackhat.com/presentations/bh-usa-07/Ferguson/Whitepaper/bh-usa-07-ferguson-WP.pdf}},
  note = "[Online; resurss apskatīts 26-Apr-2014]"
}

@Misc{BLACKHAT,
  title = {Top Chunk, last\_remainder},
  howpublished = {\url{http://www.blackhat.com/presentations/bh-usa-07/Ferguson/Whitepaper/bh-usa-07-ferguson-WP.pdf}},
  note = "[Online; resurss apskatīts 26-Apr-2014]"
}


@Misc{POCF,
  title = {Portability of C Functions},
  howpublished = {\url{http://www.hep.by/gnu/autoconf/Function-Portability.html}},
  note = "[Online; resurss apskatīts 5-Apr-2014]"
}

@Misc{signal,
  author = {Panagiotis Christias},
  title = {Standard Signals},
  howpublished = {\url{http://man7.org/linux/man-pages/man7/signal.7.html}},
  note = "[Online; resurss apskatīts 21-Mar-2014]"
}

@Misc{core,
  author = {by The Free Software Foundation},
  title = {Invoking GDB},
  howpublished = "\url{http://www.delorie.com/gnu/docs/gdb/gdb_7.html}",
  note = "[Online; resurss apskatīts 22-Mar-2014]"
}

@Misc{gdb_gen_core,
  title = {How to Produce a Core File from Your Program},
  howpublished = "\url{http://sourceware.org/gdb/onlinedocs/gdb/Core-File-Generation.html}",
  note = "[Online; resurss apskatīts 22-Mar-2014]"
}

@inbook{RRUU,
 author = {Richard Reese},
 title = {Understanding and Using C Pointers},
 year = {2013},
 isbn = {978-1-449-34418-4},
 publisher = {O’Reilly Media, Inc},
 pages = {38}
 } 
 
@inbook{gdb,
 author = {Richard Stallman, Roland Pesch, Stan Shebs},
 title = {Debugging with gdb, Ninth Edition, for GDB version 6.8.50.20090216},
 year = {2009},
 isbn = {1-882114-77-9},
 publisher = {Free Software Foundation},
 pages = {89-90}
 } 
 
 @inbook{MWMK,
 author = {Matt Welsh, Matthias Kalle Dalheimer, Terry Dawson, Lar Kaufman},
 title = {Running Linux, Fourth Edition},
 year = {2003},
 isbn = {0-596-00272-6},
 publisher = {O\'Reilly \& Associates, Inc},
 pages = {485}
 } 
 
@inbook{JCL,
 author = {James C. Leiterman},
 title = {32/64-BIT 80x86 Assembly Language Architecture},
 year = {2005},
 isbn = {978-1-59822-002-5},
 publisher = {Wordware Publishing, Inc.},
 pages = {44}
 } 
 
@inbook{SDMA,
 author = {D. M. Dhamdhere},
 title = {Systems Programming and Operating Systems},
 year = {2009},
 isbn = {978-0-07-463579-7},
 publisher = {Tata McGraw-Hill Publishing Company Limited},
 pages = {166-168}
 } 
 
 @inbook{JCFVO,
 author = {James C. Foster, Vitaly Osipov, Nish Bhalla, Niels Heinen},
 title = {Buffer Overflow Attacks},
 year = {2005},
 isbn = {1-932266-67-4},
 publisher = {Syngress Publishing, Inc},
 pages = {241}
 } 

@inbook{nosacijumi,
 author = {M. Kerrisk},
 title = {The Linux Programming Interface},
 year = {2010},
 isbn = {978-1-59327-220-3},
 publisher = {No Starch Press},
 pages = {448-449}
 } 

%http://books.google.lv/books?id=ntsJqzfwFhkC&pg=PA125&dq=memory+leak&hl=lv&sa=X&ei=28kcU-KcHeKC4ASQjYGwBg&ved=0CEIQ6AEwAQ#v=onepage&q=memory%20leak&f=false

@inbook{USP,
 author = {Kay A. Robbins, Steven Robbins},
 title = {UNIX SYSTEMS Programming},
 year = {2003},
 isbn = {0-13-042411-0},
 publisher = {Prentice Hall Professional},
  pages = {257}
 } 
 
@inbook{OSCON,
 author = {Abraham Silberschatz, Peter Baer Galvin, Greg Gange},
 title = {Operating system Concepts},
 year = {2013},
 isbn = {978-1-118-06333-0},
 edition = {9th ed.}
 publisher = {Courier Kendallville},
  pages = {28}
 } 
 
@article{RHBJ,
    author = {Reed Hastings , Bob Joyce},
    title = {{Fast Detection of Memory Leaks and Access Errors}},
    url = {http://citeseerx.ist.psu.edu/viewdoc/download;jsessionid=5D3707C2C1960C1102A5A268D3803B12?doi=10.1.1.184.8081&rep=rep1&type=pdf},
    year = {1991}
}

@article{PETRSOF,
    author = {Petr Sorfa},
    journal = {Linux Journal},
    posted-at = {2001-07-01 10:52:48},
    title = {{Debugging Memory on Linux}},
    url = {http://www.linuxjournal.com/article/4681?page=0,0},
    year = {2001}
}


@article{JMMR,
    author = {Jonas Maebe, Michiel Ronsse, Koen De Bosschere},
    title = {{Precise detection of memory leaks}},
    url = {http://www.cs.virginia.edu/woda2004/papers/maebe.pdf},
    year = {2004}
}

@article{atparv,
    author = {Gene Novark, Emery D. Berger, Benjamin G. Zorn},
    title = {{Efﬁciently and Precisely Locating Memory Leaks and Bloat}},
    url = {http://people.cs.umass.edu/~emery/pubs/pldi101-novark.pdf},
    year = {2009}
}

@article{EDBG,
    author = {Emery D. Berger, Benjamin G. Zorn, Kathryn S. McKinley},
    title = {{Composing High-Performance Memory Allocators}},
    url = {http://people.cs.umass.edu/~emery/pubs/berger-pldi2001.pdf},
    year = {2001}
}


INPROCEEDINGS{LCA,
    author = {Baker, Dennis J. and Ephremides, Anthony},
    citeulike-article-id = {4968433},
    journal = {IEEE Trans. on Communications},
    keywords = {topology},
    month = nov,
    number = {11},
    pages = {1694-1701},
    posted-at = {2009-06-26 08:24:38},
    priority = {2},
    title = {{The Architectural Organization of a Mobile Radio Network via a Distributed Algorithm}},
    year = {1981}
}
